@misc{anon.gentlewhispering,
	author={Anonymous},
	title={YouTube Stats, Channel Statistics},
	month={February},
	year={2016},
	day={2},
	url={http://socialblade.com/youtube/user/gentlewhispering},
	Publisher = {Socialblade}
}

@article{barratt2015autonomous,
  title={Autonomous Sensory Meridian Response (ASMR): a flow-like mental state},
  author={Barratt, Emma L and Davis, Nick J},
  journal={PeerJ},
  volume={3},
  pages={e851},
  year={2015},
  publisher={PeerJ Inc.}
}

@article{hall1897psychology,
  title={The psychology of tickling, laughing, and the comic},
  author={Hall, G Stanley and Alli{\'n}, Arthur},
  journal={The American Journal of Psychology},
  volume={9},
  number={1},
  pages={1--41},
  year={1897},
  publisher={JSTOR}
}


@COMMENT{jackson1996development,
  title={Development and validation of a scale to measure optimal experience: The Flow State Scale},
  author={Jackson, Susan A and Marsh, Herbert W and others},
  journal={Journal of sport and exercise psychology},
  volume={18},
  pages={17--35},
  year={1996},
  publisher={HUMAN KINETICS PUBLISHERS}
}


@article{andersen2015now,
  title={Now You've Got the Shiveries Affect, Intimacy, and the ASMR Whisper Community},
  author={Andersen, Joceline},
  journal={Television \& New Media},
  volume={16},
  number={8},
  pages={683--700},
  year={2015},
  publisher={SAGE Publications}
}


@COMMENT{wiederhold2008virtual,
  title={Virtual reality for posttraumatic stress disorder and stress inoculation training},
  author={Wiederhold, Brenda K and Wiederhold, Mark D},
  journal={Journal of CyberTherapy \& Rehabilitation},
  volume={1},
  number={1},
  pages={23--35},
  year={2008}
}

@COMMENT{maruskin2012chills,
  title={The chills as a psychological construct: Content universe, factor structure, affective composition, elicitors, trait antecedents, and consequences.},
  author={Maruskin, Laura A and Thrash, Todd M and Elliot, Andrew J},
  journal={Journal of personality and social psychology},
  volume={103},
  number={1},
  pages={135},
  year={2012},
  publisher={American Psychological Association}
}

@COMMENT{schoeffler2015validity,
  title={On the validity of virtual reality-based auditory experiments: a case study about ratings of the overall listening experience},
  author={Schoeffler, Michael and Gernert, Jan Lukas and Neumayer, Maximilian and Westphal, Susanne and Herre, J{\"u}rgen},
  journal={Virtual Reality},
  volume={19},
  number={3-4},
  pages={181--200},
  year={2015},
  publisher={Springer}
}


@article{riva2007affective,
  title={Affective interactions using virtual reality: the link between presence and emotions},
  author={Riva, Giuseppe and Mantovani, Fabrizia and Capideville, Claret Samantha and Preziosa, Alessandra and Morganti, Francesca and Villani, Daniela and Gaggioli, Andrea and Botella, Cristina and Alca{\~n}iz, Mariano},
  journal={CyberPsychology \& Behavior},
  volume={10},
  number={1},
  pages={45--56},
  year={2007},
  publisher={Mary Ann Liebert, Inc. 2 Madison Avenue Larchmont, NY 10538 USA}
}


@article{wiederhold2006evaluation,
  title={Evaluation of virtual reality therapy in augmenting the physical and cognitive rehabilitation of war veterans},
  author={Wiederhold, Brenda K and Wiederhold, Mark D},
  journal={International Journal on Disability and Human Development},
  volume={5},
  number={3},
  pages={211--216},
  year={2006}
}

@COMMENT{rose2005virtual,
  title={Virtual reality in brain damage rehabilitation: review},
  author={Rose, F David and Brooks, Barbara M and Rizzo, Albert A},
  journal={CyberPsychology \& Behavior},
  volume={8},
  number={3},
  pages={241--262},
  year={2005},
  publisher={Mary Ann Liebert, Inc. 2 Madison Avenue Larchmont, NY 10538 USA}
}



@COMMENT{optale2010controlling,
  title={Controlling memory impairment in elderly adults using virtual reality memory training: a randomized controlled pilot study},
  author={Optale, Gabriele and Urgesi, Cosimo and Busato, Valentina and Marin, Silvia and Piron, Lamberto and Priftis, Konstantinos and Gamberini, Luciano and Capodieci, Salvatore and Bordin, Adalberto},
  journal={Neurorehabilitation and neural repair},
  volume={24},
  number={4},
  pages={348--357},
  year={2010},
  publisher={SAGE Publications}
}

@COMMENT{rand2005comparison,
  title={Comparison of two VR platforms for rehabilitation: video capture versus HMD},
  author={Rand, Debbie and Kizony, Rachel and Feintuch, Uri and Katz, Noomi and Josman, Naomi and Weiss, Patrice L Tamar and others},
  journal={Presence: Teleoperators and Virtual Environments},
  volume={14},
  number={2},
  pages={147--160},
  year={2005},
  publisher={MIT Press}
}

@inproceedings{mateo2008gaze,
  title={Gaze beats mouse: hands-free selection by combining gaze and emg},
  author={Mateo, Julio C and San Agustin, Javier and Hansen, John Paulin},
  booktitle={CHI'08 extended abstracts on Human factors in computing systems},
  pages={3039--3044},
  year={2008},
  organization={ACM}
}

@article{kizony2003adapting,
  title={Adapting an immersive virtual reality system for rehabilitation},
  author={Kizony, Rachel and Katz, Noomi and others},
  journal={The Journal of Visualization and Computer Animation},
  volume={14},
  number={5},
  pages={261--268},
  year={2003},
  publisher={Wiley Online Library}
}

@COMMENT{burstin2010virtual,
  title={Virtual environments for real treatments},
  author={Burstin, Arie and Brown, Riki},
  journal={Polish Annals of Medicine},
  volume={17},
  number={1},
  pages={101--111},
  year={2010},
  publisher={Elsevier}
}


@COMMENT{wilson2006multilevel,
  title={A multilevel model for movement rehabilitation in Traumatic Brain Injury (TBI) using Virtual Environments},
  author={Wilson, Peter H and Thomas, Patrick and Shum, David and Duckworth, Jonathan and Gugliemetti, Mark and Rudolph, Heiko and Mumford, Nick and Eldridge, Ross},
  booktitle={Virtual Rehabilitation, 2006 International Workshop on},
  pages={47--52},
  year={2006},
  organization={IEEE}
}

@COMMENT{hoffman2001effectiveness,
  title={The effectiveness of virtual reality for dental pain control: a case study},
  author={Hoffman, Hunter G and Garcia-Palacios, Azucena and Patterson, David R and Jensen, Mark and Furness III, Thomas and Ammons Jr, William F},
  journal={CyberPsychology \& Behavior},
  volume={4},
  number={4},
  pages={527--535},
  year={2001},
  publisher={Mary Ann Liebert, Inc.}
}

@COMMENT{cole2009exploratory,
  title={Exploratory findings with virtual reality for phantom limb pain; from stump motion to agency and analgesia},
  author={Cole, Jonathan and Crowle, Simon and Austwick, Greg and Henderson Slater, David},
  journal={Disability and rehabilitation},
  volume={31},
  number={10},
  pages={846--854},
  year={2009},
  publisher={Taylor \& Francis}
}

@article{morel2015advantages,
  title={Advantages and limitations of virtual reality for balance assessment and rehabilitation},
  author={Morel, M and Bideau, B and Lardy, J and Kulpa, R},
  journal={Neurophysiologie Clinique/Clinical Neurophysiology},
  volume={45},
  number={4},
  pages={315--326},
  year={2015},
  publisher={Elsevier}
}

@COMMENT{wallach2009virtual,
  title={Virtual reality cognitive behavior therapy for public speaking anxiety A randomized clinical trial},
  author={Wallach, Helene S and Safir, Marilyn P and Bar-Zvi, Margalit},
  journal={Behavior modification},
  volume={33},
  number={3},
  pages={314--338},
  year={2009},
  publisher={Sage Publications}
}

@article{safir2011virtual,
  title={Virtual reality cognitive-behavior therapy for public speaking anxiety: one-year follow-up},
  author={Safir, Marilyn P and Wallach, Helene S and Bar-Zvi, Margalit},
  journal={Behavior Modification},
  pages={0145445511429999},
  year={2011},
  publisher={Sage Publications}
}

@COMMENT{fulk2005locomotor,
  title={Locomotor Training and Virtual Reality-based Balance Training for an Individual with Multiple Sclerosis: A Case Report},
  author={Fulk, George D},
  journal={Journal of Neurologic Physical Therapy},
  volume={29},
  number={1},
  pages={34--42},
  year={2005},
  publisher={LWW}
}


@article{begman2015,
author={Bergmann,Dave},
year={2015},
title={YouTube therapy: with ASMR, an unlikely sound-based treatment for stress and insomnia, a "brain orgasm" could be just a few clicks away},
journal={Men's Fitness},
volume={31},
number={5},
pages={46},
keywords={Insomnia; Care and treatment},
isbn={0893-4460},
language={English}
}
@COMMENT{url={http://carletonu.summon.serialssolutions.com/2.0.0/link/0/eLvHCXMwrV1La8JAEB76uBSkD_t-MXjoqakaH0kKpQRRemkt1Z5l3d2AVaOYBPEX9G93JlujlPbWW2Czm2XYnfl2Mt9-ABX7rmT98AnCdbQIqo6ntNunTaLsoBZo4QkvkE7JS7nKDfv13e74zF3P1K649p095YriIKbTqKgmsugzlOB8mFv02y_NxzVBjeRhIpNRT_L_akJQm7BdpmWZ0vv8duanKVamfpoitkWHoqVTXgsvrT1YpiNMUcmqNsmM_Ovtjf8z6X3Y_Yak6Js1dAAbOsxDzuTz0NCU8pBf4Uu8wVQbPTqET3IW3aSv0dC4FvfIeV30O89vtyhCTMLRYKhHC4xYvcnikKkwq21HAsxoyCr0skImoo3DgaCuWOizdgWy6FQ0LqBkJW6kD30kUUzNgZ6jpPkNqedcLI7gutXsNp4sNkiPN008E7KXmaFyDDnBtfxhnHL-1CmgFyilKnVZq_Ph0BFutUywLShpVzqCns_g5I_Rzv9suYAdgjo1U-R1CVvxLNFXfJ2GsXbyBXmr1Gw}}

@COMMENT{riva2005virtual,
  title={Virtual reality in psychotherapy: review},
  author={Riva, Giuseppe},
  journal={Cyberpsychology \& behavior},
  volume={8},
  number={3},
  pages={220--230},
  year={2005},
  publisher={Mary Ann Liebert, Inc. 2 Madison Avenue Larchmont, NY 10538 USA}
}

@COMMENT{standen2005virtual,
  title={Virtual reality in the rehabilitation of people with intellectual disabilities: review},
  author={Standen, Penny J and Brown, David J},
  journal={Cyberpsychology \& behavior},
  volume={8},
  number={3},
  pages={272--282},
  year={2005},
  publisher={Mary Ann Liebert, Inc. 2 Madison Avenue Larchmont, NY 10538 USA}
}

@article{nash2000review,
  title={A review of presence and performance in virtual environments},
  author={Nash, Eric B and Edwards, Gregory W and Thompson, Jennifer A and Barfield, Woodrow},
  journal={International Journal of human-computer Interaction},
  volume={12},
  number={1},
  pages={1--41},
  year={2000},
  publisher={Taylor \& Francis}
}

@article{morel2015advantages,
  title={Advantages and limitations of virtual reality for balance assessment and rehabilitation},
  author={Morel, M and Bideau, B and Lardy, J and Kulpa, R},
  journal={Neurophysiologie Clinique/Clinical Neurophysiology},
  volume={45},
  number={4},
  pages={315--326},
  year={2015},
  publisher={Elsevier}
}

@article{sarang2006effects,
	title={Effects of two yoga based relaxation techniques on heart rate variability (HRV).},
	author={Sarang, Patil and Telles, Shirley},
	journal={International Journal of Stress Management},
	volume={13},
	number={4},
	pages={460},
	year={2006},
	publisher={Educational Publishing Foundation}
}